@article{peng2019tide,
  title={Tide gauge records show that the 18.61-year nodal tidal cycle can change high water levels by up to 30 cm},
  author={Peng, Dongju and Hill, Emma M and Meltzner, Aron J and Switzer, Adam D},
  journal={Journal of Geophysical Research: Oceans},
  volume={124},
  number={1},
  pages={736--749},
  year={2019},
  publisher={Wiley Online Library}
}

@article{hickey2019tidal,
  title={Tidal inundation modeling within GIS},
  author={Hickey, Robert},
  journal={Journal of Coastal Conservation},
  volume={23},
  number={3},
  pages={599--606},
  year={2019},
  publisher={Springer}
}

@article{stocker2013ipcc,
  title={IPCC, 2013},
  author={Stocker, TF and Qin, D and Plattner, GK and Tignor, M and Allen, SK and Boschung, J and Nauels, A and Xia, Y and Bex, V and Midgley, PM},
  journal={Climate change},
  year={2013}
}

@article{morris2002responses,
  title={Responses of coastal wetlands to rising sea level},
  author={Morris, James T and Sundareshwar, PV and Nietch, Christopher T and Kjerfve, Bj{\"o}rn and Cahoon, Donald R},
  journal={Ecology},
  volume={83},
  number={10},
  pages={2869--2877},
  year={2002},
  publisher={Wiley Online Library}
}

@article{sweet2017global,
  title={Global and regional sea level rise scenarios for the United States},
  author={Sweet, William William VanderVeer and Kopp, Robert and Weaver, Christopher P and Obeysekera, JTB and Horton, Radley M and Thieler, E Robert and Zervas, Chris Eugene and others},
  year={2017}
}

@article{morris2006competition,
  title={Competition among marsh macrophytes by means of geomorphological displacement in the intertidal zone},
  author={Morris, James T},
  journal={Estuarine, Coastal and Shelf Science},
  volume={69},
  number={3-4},
  pages={395--402},
  year={2006},
  publisher={Elsevier}
}